{1:F01BACXCZPPAXXX0000000000}{2:I940BACXCZPPAXXXN}{4:
:20:S T S P r u n é
:25:2700/641641641
:28C:120/1
:60F:C160825CZK1493514,28
:61:1608260826C89631,36FTRFPA00083722797108//9253991340001130
:86:051?00S-TUZ-DOSLA/DOM-STNDTRNSF-I?20000043-6209820277/0100?21KS 0
000000308?22VS 0000912157?23SS 0000000000?300100?31000043-6209820
277?32KŠ PREFA S.R.O.
:61:1608260826D30,00FCHG0000000000000000//9262900460004099
:86:808?00POPLATKY/FEES?20Výběr dne 24.08.?212016 5470?22 46854 / ELE
NA HAVLÍČ?23KOVÁ
:61:1608260826D20000,00FMSC0000000000000000//9262900460004098
:86:999Výběr dne 24.08.2016 5470 46854 / ELENA HAVLÍČKOVÁ CZK 20000,0
0 NA PRUHONU - KAUFLAND - Kadan
:62F:C160826CZK1563115,64
:64:C160826CZK1563115,64
-}