{1:F01BACXCZPPAXXX0000000000}{2:I940BACXCZPPAXXXN}{4:
:20:S T S P r u n é
:25:2700/641641641
:28C:120/1
:60F:C160825CZK1493514,28
:61:1608260826C89631,36FTRFPA00083722797108//9253991340001130
:86:REF: PA00083722797108 Z 43-6209820277/0100 KŠ PREFA S.R.O. 
VS: 912157 KS: 308 
:61:1608260826D30,00FCHG0000000000000000//9262900460004099
:86:POPLATKY/FEES Výběr dne 24.08. 2016 5470 46854 / ELENA HAVLÍČ KOV
Á 
:61:1608260826D20000,00FMSC0000000000000000//9262900460004098
:86:Výběr dne 24.08.2016 5470 46854 / ELENA HAVLÍČKOVÁ CZK 20000,0
0 NA PRUHONU - KAUFLAND - Kadan
:62F:C160826CZK1563115,64
:64:C160826CZK1563115,64
-}