:20:1110042505002
:25:2505002
:28:443/
:60F:C111003CZK5041564751,48
:61:111004C1,00FTRFPA00070290270511//I-GE-CC
Z 000000-0002505029/2700
:86:I112700270005582505029CESTMÍR VACEK - UNICREDIT B2505
002CA TESTKONTO0000000000000000000000000000090000000009CZ
 KONTROLLE ě š c ř ž ý á í é
:61:111004D40864,56FCMI0000000002505029//CA PRAHA
:86:SWEPT BK L2 2505029
:61:111004C40863,56FCMI0000000002505029//CA PRAHA
:86:SWEPT FR L2 2505029
:61:111004D27,17FTRFGPP 1277100040//GE-FT
ZAHR.PLATBA C. GPP 1277100040
:86:GPP 12771000402011100424,698795EUR1,10CA 
TESTKONTODUVOD PLATBY 02 MAXIMALNE 35 ZNAKU DUVOD PLATBY 02M
AXIMALNE 35 ZNAKU DUVOD PLATBY 02 MAXIMALNE 35 ZNAKU DUVOD PLAT
BY 02 MAXIMALNE 35 ZNAKUCZ1755000000000002505029TESTOVY PRIJEMC
E MAXIMALNE35 ZNAKU01TESTOVA ADRESA MARZBCCZPPXXXBA
CXCZPP
:61:111004D250,00FCHG0000000000000000//CA PRAHA
:86:Ref: GPP 1277100040Standard
:62F:C111004CZK5041564474,31
:64:C111004CZK5041564474,31
