{1:F01BACXCZPPAXXX0000000000}{2:I942BACXCZPPAXXXN}{4:
:20:CA TESTKONTO
:25:BACXCZPP/2505002
:28C:297/1
:34F:CZK0,00
:13D:1111250540+0100
:61:1111251125C1,00FTRFPA00070436465911//9201999090002928
:86:REF: PA00070436465911 Z 2505029/2700 Ji?í Pánek - UNICREDIT BANK 
 VS: 9 KS: 558 CZ KONTROLLE ? ? c ? ? ý á í é 
:90C:001CZK1,00
-}