{1:F01BACXCZPPAXXX0000000000}{2:I940BACXCZPPAXXXN}{4:
:20:CA TESTKONTO
:25:BACXCZPP/2505002
:28C:442/1
:60F:C110930CZK5041564751,48
:61:1110031003C1,00FTRFPA00070290201409//9250990080008134
:86:051?00S-TUZ-DOSLA/DOM-STNDTRNSF-I?20000000-0002505029/2700?21KS 0
000000558?22VS 0000000009?23SS 0000000000?24CZ KONTROLLE?25 ě š c
 ř ž ý á í é?302700?31000000-0002505029?32CESTMÍR VACEK - UNICRED
IT B?33ANK
:61:1110031003D40864,46FCMI0000000002505029//9291993950000155
:86:833?00CASH MANAGEMENT?20SWEPT BK L2 2505029
:61:1110031003C40864,56FCMI0000000002505029//9291993980000002
:86:833?00CASH MANAGEMENT?20SWEPT FR L2 2505029
:61:1110031003D1,10FTRFPP00027004688706//9231991630000002
:86:020?00S-TUZ-VYSLA/DOM-STNDTRNSF-O?20000000-0002505029/2700?21KS 0
000000308?22VS 1234567890?23SS 9998887776?24ZPRAVA PRO PLATCE 01 
MAXIM?2535 ZNAKUZPRAVA PRO PLATCE 0?262 MAXIM 35 ZNAKUZPRAVA PRO?
27PLATCE 03 MAXIM 35 ZNAKUZPR?28AVA PRO PLATCE 04 MAXIM 35?29ZNAK
U?302700?31000000-0002505029?32TESTOVY PRIJEMCE
:62F:C111003CZK5041564751,48
:64:C111003CZK5041564751,48
-}