:20:1110032505002
:25:2505002
:28:442/
:60F:C110930CZK5041564751,48
:61:111003C1,00FTRFPA00070290201409//I-GE-CC
Z 000000-0002505029/2700
:86:I112700270005582505029CESTMÍR VACEK - UNICREDIT B2505
002CA TESTKONTO0000000000000000000000000000090000000009CZ
 KONTROLLE ě š c ř ž ý á í é
:61:111003D40864,46FCMI0000000002505029//CA PRAHA
:86:SWEPT BK L2 2505029
:61:111003C40864,56FCMI0000000002505029//CA PRAHA
:86:SWEPT FR L2 2505029
:61:111003D1,10FTRFPP00027004688706//O-GE-CC
NA 000000-0002505029/2700
:86:O112700270003082505002CA TESTKONTO2505029TESTOVY PRI
JEMCE9998887776999888777612345678901234567890ZPRAVA PRO PL
ATCE 01 MAXIM35 ZNAKUZPRAVA PRO PLATCE 02 MAXIM 35 ZNAKUZPRAVA PR
OPLATCE 03 MAXIM 35 ZNAKUZPR
:62F:C111003CZK5041564751,48
:64:C111003CZK5041564751,48
