{1:F01BACXCZPPAXXX0000000000}{2:I940BACXCZPPAXXXN}{4:
:20:CA TESTKONTO
:25:BACXCZPP/2505002
:28C:442/1
:60F:C110930CZK5041564751,48
:61:1110031003C1,00FTRFPA00070290201409//9250990080008134
:86:REF: PA00070290201409 Z 2505029/2700 CESTMÍR VACEK - UNICREDIT B 
 ANK VS: 9 KS: 558 CZ KONTROLLE ě š c ř ž ý á í é 
:61:1110031003D40864,46FCMI0000000002505029//9291993950000155
:86:CASH MANAGEMENT SWEPT BK L2 2505029 
:61:1110031003C40864,56FCMI0000000002505029//9291993980000002
:86:CASH MANAGEMENT SWEPT FR L2 2505029 
:61:1110031003D1,10FTRFPP00027004688706//9231991630000002
:86:REF: PP00027004688706 NA 2505029/2700 TESTOVY PRIJEMCE 
VS: 1234567890 KS: 308 SS: 9998887776 ZPRAVA PRO PLATCE 01 MAXIM 
 35 ZNAKUZPRAVA PRO PLATCE 0 2 MAXIM 35 ZNAKUZPRAVA PRO 
PLATCE 03 MAXIM 35 ZNAKUZPR 
:62F:C111003CZK5041564751,48
:64:C111003CZK5041564751,48
-}