{1:F01BACXCZPPAXXX0000000000}{2:I940BACXCZPPAXXXN}{4:
:20:CA TESTKONTO
:25:BACXCZPP/2505002
:28C:443/1
:60F:C111003CZK5041564751,48
:61:1110041004C1,00FTRFPA00070290270511//9250990080001695
:86:REF: PA00070290270511 Z 2505029/2700 CESTMÍR VACEK - UNICREDIT B 
 ANK VS: 9 KS: 558 CZ KONTROLLE ě š c ř ž ý á í é 
:61:1110041004D40864,56FCMI0000000002505029//9291993950000155
:86:CASH MANAGEMENT SWEPT BK L2 2505029 
:61:1110041004C40863,56FCMI0000000002505029//9291993980000004
:86:CASH MANAGEMENT SWEPT FR L2 2505029 
:61:1110041004D27,17FTRFGPP 1277100040//9253994530001010
:86:REF 9253994530001010 EUR 1,10 RATE 24,698795 TESTOVY PRIJEMCE MAX
IMALNE 35 ZNAKU01TESTOVA ADRESA MA PT 950 DUVOD PLATBY 02 MAXIMAL
NE 35 ZNAKU DUVOD PLATBY 02MAXIMALNE 35 ZNAKU DUVODPLATBY 02 MAXI
MALNE 35 ZNA
:61:1110041004D250,00FCHG0000000000000000//9253994530001011
:86:POPLATKY/FEES Ref: GPP 1277100040Standard 
:62F:C111004CZK5041564474,31
:64:C111004CZK5041564474,31
-}