{1:F01BACXCZPPAXXX0000000000}{2:I940BACXCZPPAXXXN}{4:
:20:CA TESTKONTO
:25:BACXCZPP/2505002
:28C:443/1
:60F:C111003CZK5041564751,48
:61:1110041004C1,00FTRFPA00070290270511//9250990080001695
:86:051?00S-TUZ-DOSLA/DOM-STNDTRNSF-I?20000000-0002505029/2700?21KS 0
000000558?22VS 0000000009?23SS 0000000000?24CZ KONTROLLE?25 ě š c
 ř ž ý á í é?302700?31000000-0002505029?32CESTMÍR VACEK - UNICRED
IT B?33ANK
:61:1110041004D40864,56FCMI0000000002505029//9291993950000155
:86:833?00CASH MANAGEMENT?20SWEPT BK L2 2505029
:61:1110041004C40863,56FCMI0000000002505029//9291993980000004
:86:833?00CASH MANAGEMENT?20SWEPT FR L2 2505029
:61:1110041004D27,17FTRFGPP 1277100040//9253994530001010
:86:201?00ZAHRANICNI-VYSLA/FORTRNSF-O?20CZ1755000000000002505029?22EU
R 1,10?23RATE 24,698795?24DUVOD PLATBY 02 MAXIMALNE 3?255 ZNAKU D
UVOD PLATBY 02?26MAXIMALNE 35 ZNAKU DUVOD?27 PLATBY 02 MAXIMALNE 
35 ZNA?28KU DUVOD PLATBY 02 MAXIM?29ALNE 35 ZNAKU?30RZBCCZPPXXX?3
1CZ1755000000000002505029?32TESTOVY PRIJEMCE MAXIMALNE?3335 ZNAKU
01TESTOVA ADRESA MA?60PT 950
:61:1110041004D250,00FCHG0000000000000000//9253994530001011
:86:808?00POPLATKY/FEES?20Ref: GPP 1277100040Standard
:62F:C111004CZK5041564474,31
:64:C111004CZK5041564474,31
-}