{1:F01BACXCZPPAXXX0000000000}{2:I942BACXCZPPAXXXN}{4:
:20:CA TESTKONTO
:25:BACXCZPP/2505002
:28C:297/1
:34F:CZK0,00
:13D:1111250540+0100
:61:1111251125C1,00FTRFPA00070436465911//9201999090002928
:86:051?00S-TUZ-DOSLA/DOM-STNDTRNSF-I?20000000-0002505029/2700?21KS 0
000000558?22VS 0000000009?23SS 0000000000?24CZ KONTROLLE?25 ? ? c
 ? ? ý á í é?302700?31000000-0002505029?32Ji?í Pánek - UNICREDIT 
BANK
:90C:001CZK1,00
-}